@inproceedings{Qian:2012:PTM:2187836.2187844,
    author = {Qian, Feng and Wang, Zhaoguang and Gao, Yudong and Huang, Junxian and Gerber, Alexandre and Mao, Zhuoqing and Sen, Subhabrata and Spatscheck, Oliver},
    title = {Periodic transfers in mobile applications: network-wide origin, impact, and optimization},
    booktitle = {Proceedings of the 21st international conference on World Wide Web},
    series = {WWW '12},
    year = {2012},
    isbn = {978-1-4503-1229-5},
    location = {Lyon, France},
    pages = {51--60},
    numpages = {10},
    url = {http://doi.acm.org/10.1145/2187836.2187844},
    doi = {10.1145/2187836.2187844},
    acmid = {2187844},
    publisher = {ACM},
    address = {New York, NY, USA},
    keywords = {3G networks, RRC state machine, periodic transfers, periodicity detection, radio resource optimization, smartphone applications},
} 

@inproceedings{Nguyen:2013:GGO:2486788.2486958,
    author = {Nguyen, Tuan Anh and Csallner, Christoph and Tillmann, Nikolai},
    title = {GROPG: a graphical on-phone debugger},
    booktitle = {Proceedings of the 2013 International Conference on Software Engineering},
    series = {ICSE '13},
    year = {2013},
    isbn = {978-1-4673-3076-3},
    location = {San Francisco, CA, USA},
    pages = {1189--1192},
    numpages = {4},
    url = {http://dl.acm.org/citation.cfm?id=2486788.2486958},
    acmid = {2486958},
    publisher = {IEEE Press},
    address = {Piscataway, NJ, USA},
} 

@article{Martin:2013:ALU:2458739.2458811,
    author = {Mart\'{\i}n, Henar and Bernardos, Ana M. and Iglesias, Josu{\'e} and Casar, Jos{\'e} R.},
    title = {Activity logging using lightweight classification techniques in mobile devices},
    journal = {Personal Ubiquitous Comput.},
    issue_date = {April     2013},
    volume = {17},
    number = {4},
    month = apr,
    year = {2013},
    issn = {1617-4909},
    pages = {675--695},
    numpages = {21},
    url = {http://dx.doi.org/10.1007/s00779-012-0515-4},
    doi = {10.1007/s00779-012-0515-4},
    acmid = {2458811},
    publisher = {Springer-Verlag},
    address = {London, UK, UK},
    keywords = {Activity recognition, Context awareness, Life logging, Mobile application, Pattern recognition, Personal health},
} 

@inproceedings{Enck:2010:TIT:1924943.1924971,
    author = {Enck, William and Gilbert, Peter and Chun, Byung-Gon and Cox, Landon P. and Jung, Jaeyeon and McDaniel, Patrick and Sheth, Anmol N.},
    title = {TaintDroid: an information-flow tracking system for realtime privacy monitoring on smartphones},
    booktitle = {Proceedings of the 9th USENIX conference on Operating systems design and implementation},
    series = {OSDI'10},
    year = {2010},
    location = {Vancouver, BC, Canada},
    pages = {1--6},
    numpages = {6},
    url = {http://dl.acm.org/citation.cfm?id=1924943.1924971},
    acmid = {1924971},
    publisher = {USENIX Association},
    address = {Berkeley, CA, USA},
} 

@inproceedings{Wei:2012:PMP:2348543.2348563,
    author = {Wei, Xuetao and Gomez, Lorenzo and Neamtiu, Iulian and Faloutsos, Michalis},
    title = {ProfileDroid: multi-layer profiling of android applications},
    booktitle = {Proceedings of the 18th annual international conference on Mobile computing and networking},
    series = {Mobicom '12},
    year = {2012},
    isbn = {978-1-4503-1159-5},
    location = {Istanbul, Turkey},
    pages = {137--148},
    numpages = {12},
    url = {http://doi.acm.org/10.1145/2348543.2348563},
    doi = {10.1145/2348543.2348563},
    acmid = {2348563},
    publisher = {ACM},
    address = {New York, NY, USA},
    keywords = {android apps, google android, monitoring, profiling, system},
} 


@misc{WebAntiPattern, 
    author = "Sarah Kahn", 
    title = "Web Design Anti-patterns", 
    month = "March", year = "2013", 
    howpublished = {\url{http://webdesign.tutsplus.com/articles/user-experience-articles/the-world-of-ux-anti-patterns/}} 
} 

@misc{NSLogger, 
    author = "Florent Pillet", 
    title = "NSLogger Project", 
    month = "June", year = "2013", 
    howpublished = {\url{https://github.com/fpillet/NSLogger}} 
}

@misc{AndroidRemoteDebugTool, 
    author = "Google", 
    title = "Android Remote Debugging Tool", 
    month = "June", year = "2013", 
    howpublished = {\url{https://developers.google.com/chrome-developer-tools/docs/remote-debugging}} 
}

@misc{WebsocketRFC, 
    author = "I. Fette, et al", 
    title = "RFC 6455", 
    month = "December", year = "2011", 
    howpublished = {\url{http://tools.ietf.org/html/rfc6455}} 
}

@misc{Flurry, 
    author = "Flurry Developers",
    title = "Flurry Analytics", 
    month = "June", year = "2013", 
    howpublished = {\url{http://flurry.com}} 
}


@misc{Heatmaps, 
    author = "Heatma.ps developers",
    title = "Heatma.ps for iOS", 
    month = "June", year = "2013", 
    howpublished = {\url{http://heatma.ps}} 
}
